<record xmlns="http://www.loc.gov/MARC21/slim">
    <leader>00620nkm a22     7i 4500</leader>
    <controlfield tag="008">110701s        cc                  chi d</controlfield>
    <datafield tag="040" ind1=" " ind2=" ">
        <subfield code="a">NL-AmISG</subfield>
    </datafield>
    <datafield tag="100" ind1="1" ind2=" ">
        <subfield code="a"></subfield>
        <subfield code="e"></subfield>
    </datafield>
    <datafield tag="110" ind1="2" ind2=" ">
        <subfield code="a"></subfield>
    </datafield>
    <datafield tag="242" ind1="1" ind2="0">
        <subfield code="a"></subfield>
        <subfield code="b"></subfield>
    </datafield>
    <datafield tag="245" ind1="1" ind2="0">
        <subfield code="a"></subfield>
        <subfield code="k">Visual document.</subfield>
    </datafield>
    <datafield tag="260" ind1=" " ind2=" ">
        <subfield code="c"></subfield>
        <subfield code="e"></subfield>
        <subfield code="f"></subfield>
        <subfield code="g"></subfield>
    </datafield>
    <datafield tag="300" ind1=" " ind2=" ">
        <subfield code="g"></subfield>
    </datafield>
    <datafield tag="500" ind1=" " ind2=" ">
        <subfield code="a"></subfield>
    </datafield>
    <datafield tag="542" ind1=" " ind2=" ">
        <subfield code="m">pictoright</subfield>
    </datafield>
    <datafield tag="600" ind1="1" ind2="4">
        <subfield code="a"></subfield>
    </datafield>
    <datafield tag="610" ind1="2" ind2="4">
        <subfield code="a"></subfield>
    </datafield>
    <datafield tag="648" ind1=" " ind2="4">
        <subfield code="a"></subfield>
    </datafield>
    <datafield tag="650" ind1=" " ind2="4">
        <subfield code="a"></subfield>
    </datafield>
    <datafield tag="651" ind1=" " ind2="4">
        <subfield code="a">China.</subfield>
        <subfield code="0">(NL-AmISG)573375</subfield>
    </datafield>
    <datafield tag="655" ind1=" " ind2="4">
        <subfield code="a">Poster.</subfield>
        <subfield code="0">(NL-AmISG)3248</subfield>
    </datafield>
    <datafield tag="700" ind1="1" ind2=" ">
        <subfield code="a"></subfield>
        <subfield code="e"></subfield>
    </datafield>
    <datafield tag="700" ind1="1" ind2=" ">
        <subfield code="a">Landsberger, Stefan R.,</subfield>
        <subfield code="e">collector.</subfield>
        <subfield code="0">(NL-AmISG)2000344</subfield>
    </datafield>
    <datafield tag="740" ind1="0" ind2=" ">
        <subfield code="a"></subfield>
    </datafield>
</record>